%TESIS PRINCIPALES
@phdthesis{alencarvisualizaccao,
	title={Visualiza{\c{c}}{\~a}o da evolu{\c{c}}{\~a}o temporal de cole{\c{c}}{\~o}es de artigos cient{\'\i}ficos},
		year={2012},
	author={Alencar, Aretha Barbosa},
	school={Universidade de S{\~a}o Paulo}
	
}




@phdthesis{alencar2007mineraccao,
	title={Minera{\c{c}}ao e visualiza{\c{c}}ao de cole{\c{c}}oes de s{\'e}ries temporais},
	author={Alencar, Aretha Barbosa},
	year={2007},
	school={Instituto de Ci{\^e}ncias Matem{\'a}ticas e de Computa{\c{c}}{\~a}o}
}

@phdthesis{valdivia2007mapeamento,
	title={Mapeamento de dados multidimensionais usando {\'a}rvores filogen{\'e}ticas: foco em mapeamento de textos},
	author={Valdivia, Ana Maria Cuadros},
	year={2007},
	school={Universidade de S{\~a}o Paulo}
}

@phdthesis{paulovich2008mapeamento,
	title={Mapeamento de dados multi-dimensionais-integrando minera{\c{c}}{\~a}o e visualiza{\c{c}}{\~a}o},
	author={Paulovich, Fernando Vieira},
	year={2008},
	school={Universidade de S{\~a}o Paulo}
}

@book{tan2006introduction,
	title={Introduction to data mining},
	author={Tan, Pang-Ning and others},
	year={2006},
	publisher={Pearson Education India}
}

@book{card1999readings,
	title={Readings in information visualization: using vision to think},
	author={Card, Stuart K and Mackinlay, Jock D and Shneiderman, Ben},
	year={1999},
	publisher={Morgan Kaufmann}
}

% fin de referencias tesis

%articulos cientificos
@article{saitou1987neighbor,
	title={The neighbor-joining method: a new method for reconstructing phylogenetic trees.},
	author={Saitou, Naruya and Nei, Masatoshi},
	journal={Molecular biology and evolution},
	volume={4},
	number={4},
	pages={406--425},
	year={1987},
	publisher={SMBE}
}

@inproceedings{mei2005discovering,
	title={Discovering evolutionary theme patterns from text: an exploration of temporal text mining},
	author={Mei, Qiaozhu and Zhai, ChengXiang},
	booktitle={Proceedings of the eleventh ACM SIGKDD international conference on Knowledge discovery in data mining},
	pages={198--207},
	year={2005},
	organization={ACM}
}

@incollection{berkhin2006survey,
	title={A survey of clustering data mining techniques},
	author={Berkhin, Pavel},
	booktitle={Grouping multidimensional data},
	pages={25--71},
	year={2006},
	publisher={Springer}
}

@article{tejadaimproved,
	title={On improved projection techniques to support visual exploration of multi-dimensional data sets},
	author={Tejada-Gamero, Eduardo and Minghim, Rosane and Nonato, Luis Gustavo},
	year={2003}
}


@inproceedings{153:sakai:2012,
	title={Search Engine Focused on Multiple Features of Scientific Articles},
	author={Sakai, Toshihiko and Flanagan, Brendan and Zeng, Jun and Nakatoh, Tetsuya and Hirokawa, Sachio},
	booktitle={Advanced Applied Informatics (IIAIAAI), 2012 IIAI International Conference on},
	pages={214--217},
	year={2012},
	organization={IEEE}
}

@inproceedings{154:sun:2013,
	title={A Novel Approach for Personalized Article Recommendation in Online Scientific Communities},
	author={Sun, Jianshan and Ma, Jian and Liu, Xiaoyan and Liu, Zhiying and Wang, Gang and Jiang, Hongbing and Silva, Tiago},
	booktitle={System Sciences (HICSS), 2013 46th Hawaii International Conference on},
	pages={1543--1552},
	year={2013},
	organization={IEEE}
}


@article{christian2001information,
	title={The information explosion and the adult learner: Implications for reference librarians},
	author={Christian, Gayle R and Blumenthal, Caroline and Patterson, Marjorie},
	journal={The Reference Librarian},
	volume={33},
	number={69-70},
	pages={19--30},
	year={2001},
	publisher={Taylor \& Francis}
}

@article{keim2002information,
	title={Information visualization and visual data mining},
	author={Keim, Daniel A},
	journal={IEEE transactions on Visualization and Computer Graphics},
	volume={8},
	number={1},
	pages={1--8},
	year={2002},
	publisher={IEEE}
}

@article{paulovich2008least,
	title={Least square projection: A fast high-precision multidimensional projection technique and its application to document mapping},
	author={Paulovich, Fernando V and Nonato, Luis G and Minghim, Rosane and Levkowitz, Haim},
	journal={IEEE Transactions on Visualization and Computer Graphics},
	volume={14},
	number={3},
	pages={564--575},
	year={2008},
	publisher={IEEE}
}

%fin de articulos cientificos


% referencias time series 
@book{lovric:2011:international,
	title={International encyclopedia of statistical science},
	author={Lovric, Miodrag},
	year={2011},
	publisher={Springer London}
}

@book{mitsa:2010:temporal,
	title={Temporal data mining},
	author={Mitsa, Theophano},
	year={2010},
	publisher={CRC Press}
}


@article{fu:2011:review,
	title={A review on time series data mining},
	author={Fu, Tak-chung},
	journal={Engineering Applications of Artificial Intelligence},
	volume={24},
	number={1},
	pages={164--181},
	year={2011},
	publisher={Elsevier}
}


@article{esling:2012:time,
	title={Time-series data mining},
	author={Esling, Philippe and Agon, Carlos},
	journal={ACM Computing Surveys (CSUR)},
	volume={45},
	number={1},
	pages={12},
	year={2012},
	publisher={ACM}
}

@Inbook{Keogh:2011,
	author={Keogh, Eamonn G.},
	editor={Lovric, Miodrag},
	chapter={Data, Mining Time Series Data},
	title={International Encyclopedia of Statistical Science},
	year={2011},
	publisher={Springer Berlin Heidelberg},
	address={Berlin, Heidelberg},
	pages={339--342},
	isbn={978-3-642-04898-2},
	doi={10.1007/978-3-642-04898-2_19},
	url={http://dx.doi.org/10.1007/978-3-642-04898-2_19}
}


@article{tsclus_:decade_:review,
	title={Time-series clustering--A decade review},
	author={Aghabozorgi, Saeed and Shirkhorshidi, Ali Seyed and Wah, Teh Ying},
	journal={Information Systems},
	volume={53},
	pages={16--38},
	year={2015},
	publisher={Elsevier}
}


@incollection{ratanamahatana:2005:novel,
	title={A novel bit level time series representation with implication of similarity search and clustering},
	author={Ratanamahatana, Chotirat and Keogh, Eamonn and Bagnall, Anthony J and Lonardi, Stefano},
	booktitle={Advances in knowledge discovery and data mining},
	pages={771--777},
	year={2005},
	publisher={Springer}
}

@book{agrawal:1993:efficient,
	title={Efficient similarity search in sequence databases},
	author={Agrawal, Rakesh and Faloutsos, Christos and Swami, Arun},
	year={1993},
	publisher={Springer}
}

@book{fayyad:2002:information,
	title={Information visualization in data mining and knowledge discovery},
	author={Fayyad, Usama M and Wierse, Andreas and Grinstein, Georges G},
	year={2002},
	publisher={Morgan Kaufmann}
}

@Inbook{Aggarwal:2015,
	author={Aggarwal, C. Charu},
	chapter={Mining Time Series Data},
	title={Data Mining: The Textbook},
	year={2015},
	publisher={Springer International Publishing},
	address={Cham},
	pages={457--491},
	isbn={978-3-319-14142-8},
	doi={10.1007/978-3-319-14142-8_14},
	url={http://dx.doi.org/10.1007/978-3-319-14142-8_14}
}

@inproceedings{lin:2003:symbolic,
	title={A symbolic representation of time series, with implications for streaming algorithms},
	author={Lin, Jessica and Keogh, Eamonn and Lonardi, Stefano and Chiu, Bill},
	booktitle={Proceedings of the 8th ACM SIGMOD workshop on Research issues in data mining and knowledge discovery},
	pages={2--11},
	year={2003},
	organization={ACM}
}

@article{lin:2007:experiencing,
	title={Experiencing SAX: a novel symbolic representation of time series},
	author={Lin, Jessica and Keogh, Eamonn and Wei, Li and Lonardi, Stefano},
	journal={Data Mining and knowledge discovery},
	volume={15},
	number={2},
	pages={107--144},
	year={2007},
	publisher={Springer}
}

@misc{rjam:2000:introduction,
	title={An Introduction to Mathematical Statistics and its Applications},
	author={RJaM, ML},
	year={2000},
	publisher={Upper Saddle River, NJ: Prentice Hall}
}

@inproceedings{keogh:2001:derivative,
	title={Derivative Dynamic Time Warping.},
	author={Keogh, Eamonn J and Pazzani, Michael J},
	booktitle={Sdm},
	volume={1},
	pages={5--7},
	year={2001},
	organization={SIAM}
}

@inproceedings{chen:2007:spade,
	title={Spade: On shape-based pattern detection in streaming time series},
	author={Chen, Yueguo and Nascimento, Mario A and Ooi, Beng Chin and Tung, Anthony KH},
	booktitle={Data Engineering, 2007. ICDE 2007. IEEE 23rd International Conference on},
	pages={786--795},
	year={2007},
	organization={IEEE}
}

@inproceedings{frentzos:2007:index,
	title={Index-based most similar trajectory search},
	author={Frentzos, Elias and Gratsias, Kostas and Theodoridis, Yannis},
	booktitle={Data Engineering, 2007. ICDE 2007. IEEE 23rd International Conference on},
	pages={816--825},
	year={2007},
	organization={IEEE}
}

@inproceedings{chen:2004:marriage,
	title={On the marriage of lp-norms and edit distance},
	author={Chen, Lei and Ng, Raymond},
	booktitle={Proceedings of the Thirtieth international conference on Very large data bases-Volume 30},
	pages={792--803},
	year={2004},
	organization={VLDB Endowment}
}

@inproceedings{vlachos:2003:indexing,
	title={Indexing multi-dimensional time-series with support for multiple distance measures},
	author={Vlachos, Michail and Hadjieleftheriou, Marios and Gunopulos, Dimitrios and Keogh, Eamonn},
	booktitle={Proceedings of the ninth ACM SIGKDD international conference on Knowledge discovery and data mining},
	pages={216--225},
	year={2003},
	organization={ACM}
}



@inproceedings{loncomsub,
	title={Lecture 25: Longest Common Subsequence},
	author={cs.umd},
	booktitle={Lecture 25},
	year={1998},
	organization={CLR}
}


@inproceedings{correlationfun,
	title={Autocorrelation function (circular), SPA solution, arbitrary lags},
	author={Paul Baggenstoss},
	booktitle={http://class-specific.com/csf/htmldoc/node141.html},
	year={2008}
}


@inproceedings{chen:2005:using,
	title={Using multi-scale histograms to answer pattern existence and shape match queries over time series data},
	author={Chen, Lei and Ozsu, M Tamer and Oria, Vincent},
	booktitle={Proceedings of 17th Int Conf on Scientific and Statistical Database Management. Piscataway: IEEE Press},
	pages={217--226},
	year={2005}
}

@article{swain:1991:color,
	title={Color indexing},
	author={Swain, Michael J and Ballard, Dana H},
	journal={International journal of computer vision},
	volume={7},
	number={1},
	pages={11--32},
	year={1991},
	publisher={Springer}
}

@article{keogh:2007:compression,
	title={Compression-based data mining of sequential data},
	author={Keogh, Eamonn and Lonardi, Stefano and Ratanamahatana, Chotirat Ann and Wei, Li and Lee, Sang-Hee and Handley, John},
	journal={Data Mining and Knowledge Discovery},
	volume={14},
	number={1},
	pages={99--129},
	year={2007},
	publisher={Springer}
}

@article{rabiner:1989:tutorial,
	title={A tutorial on hidden Markov models and selected applications in speech recognition},
	author={Rabiner, Lawrence R},
	journal={Proceedings of the IEEE},
	volume={77},
	number={2},
	pages={257--286},
	year={1989},
	publisher={IEEE}
}

@phdthesis{chen:2005:similarity,
	title={Similarity search over time series and trajectory data},
	author={Chen, Lei},
	year={2005},
	school={University of Waterloo}
}

@article{liao:2005:clustering,
	title={Clustering of time series data—a survey},
	author={Liao, T Warren},
	journal={Pattern recognition},
	volume={38},
	number={11},
	pages={1857--1874},
	year={2005},
	publisher={Elsevier}
}

@incollection{chics:2009:clustering,
	title={Clustering time series data: an evolutionary approach},
	author={Chi{\c{s}}, Monica and Banerjee, Soumya and Hassanien, Aboul Ella},
	booktitle={Foundations of Computational, IntelligenceVolume 6},
	pages={193--207},
	year={2009},
	publisher={Springer}
}

@article{aghabozorgi:2015:time,
	title={Time-series clustering--A decade review},
	author={Aghabozorgi, Saeed and Shirkhorshidi, Ali Seyed and Wah, Teh Ying},
	journal={Information Systems},
	volume={53},
	pages={16--38},
	year={2015},
	publisher={Elsevier}
}

@inproceedings{lin:2004:visually,
	title={Visually mining and monitoring massive time series},
	author={Lin, Jessica and Keogh, Eamonn and Lonardi, Stefano and Lankford, Jeffrey P and Nystrom, Donna M},
	booktitle={Proceedings of the tenth ACM SIGKDD international conference on Knowledge discovery and data mining},
	pages={460--469},
	year={2004},
	organization={ACM}
}

@book{Shavlik:1991,
	author = {Shavlik, Jude W. and Deitterich, Thomas E.},
	title = {Readings in Machine Learning},
	year = {1991},
	isbn = {1558601430},
	edition = {1st},
	publisher = {Morgan Kaufmann Publishers Inc.},
	address = {San Francisco, CA, USA},
} 


@article{rani:2012:recent,
	title={Recent techniques of clustering of time series data: a survey},
	author={Rani, Sangeeta and Sikka, Geeta},
	journal={International Journal of Computer Applications},
	volume={52},
	number={15},
	year={2012},
	publisher={Foundation of Computer Science}
}

@book{han:2011:data,
	title={Data mining: concepts and techniques},
	author={Han, Jiawei and Pei, Jian and Kamber, Micheline},
	year={2011},
	publisher={Elsevier}
}

@inproceedings{keogh:2004:towards,
	title={Towards parameter-free data mining},
	author={Keogh, Eamonn and Lonardi, Stefano and Ratanamahatana, Chotirat Ann},
	booktitle={Proceedings of the tenth ACM SIGKDD international conference on Knowledge discovery and data mining},
	pages={206--215},
	year={2004},
	organization={ACM}
}

@inproceedings{cuadros:2007:point,
	title={Point Placement by Phylogenetic Trees and its Application to Visual Analysis of Document Collections.},
	author={Cuadros, Ana M and Paulovich, Fernando Vieira and Minghim, Rosane and Telles, Guilherme P},
	booktitle={IEEE VAST},
	pages={99--106},
	year={2007}
}


@article{saitou:1987:neighbor,
	title={The neighbor-joining method: a new method for reconstructing phylogenetic trees.},
	author={Saitou, Naruya and Nei, Masatoshi},
	journal={Molecular biology and evolution},
	volume={4},
	number={4},
	pages={406--425},
	year={1987},
	publisher={SMBE}
}
% fin referencias time series


% ordenar ---

@misc{nielsen:2000:you,
  title={Why you only need to test with 5 users},
  author={Nielsen, Jakob},
  year={2000}
}



%tesis ---------------------------------------------------------------------------------------

@phdthesis{paulovich:2008:mapeamento,
	title={Mapeamento de dados multi-dimensionais-integrando minera{\c{c}}{\~a}o e visualiza{\c{c}}{\~a}o},
	author={Paulovich, Fernando Vieira},
	year={2008},
	school={Universidade de S{\~a}o Paulo}
}

%revisar de licaldo
@phdthesis{stefaner:2005:projection,
  title={Projection Techniques for Document Maps},
  author={Stefaner, Moritz and Ludewig, Petra},
  year={2005},
  school={Bachelor thesis, University of Osnabrueck, Institute of Cognitive Science}
}



@article{012:slingsby:2012,
	title={Visual analysis of social networks in space and time},
	author={Slingsby, Aidan and Beecham, Roger and Wood, Jo},
	year={2012}
}

@inproceedings{015:kaneider:2013,
	title={Automatic annotation placement for interactive maps},
	author={Kaneider, Daniel and Seifried, Thomas and Haller, Michael},
	booktitle={Proceedings of the 2013 ACM international conference on Interactive tabletops and surfaces},
	pages={61--70},
	year={2013},
	organization={ACM}
}

@article{016:isenberg:2013,
	title={Data visualization on interactive surfaces: A research agenda},
	author={Isenberg, Petra and Isenberg, Tobias and Hesselmann, Tobias and Lee, Bongshin and Von Zadow, Ulrich and Tang, Anthony},
	journal={IEEE Computer Graphics and Applications},
	volume={33},
	number={2},
	pages={16--24},
	year={2013}
}


@article{017:tominski:2014,
	title={A survey on interactive lenses in visualization},
	author={Tominski, Christian and Gladisch, Stefan and Kister, Ulrike and Dachselt, Raimund and Schumann, Heidrun},
	journal={EuroVis State-of-the-Art Reports},
	pages={43--62},
	year={2014}
}

@inproceedings{021:zeng:2012,
	title={MetroBuzz: Interactive 3D visualization of spatiotemporal data},
	author={Zeng, Wei and Zhong, Chen and Anwar, Afian and Arisona, Stefan Muller and McLoughlin, Ian Vince},
	booktitle={Computer \& Information Science (ICCIS), 2012 International Conference on},
	volume={1},
	pages={143--147},
	year={2012},
	organization={IEEE}
}

@article{031:bingham:2000,
	title={Visualizing large hierarchical clusters in hyperbolic space},
	author={Bingham, Jonathan and Sudarsanam, Sucha},
	journal={Bioinformatics},
	volume={16},
	number={7},
	pages={660--661},
	year={2000},
	publisher={Oxford Univ Press}
}

@inproceedings{034:neumann:2005,
	title={Navigation in space, time and topic},
	author={Neumann, Andreas},
	booktitle={XXII International Cartographic Conference, A Coruna, Spain},
	year={2005}
}

@article{037:keim:2002,
	title={Information visualization and visual data mining},
	author={Keim, Daniel and others},
	journal={Visualization and Computer Graphics, IEEE Transactions on},
	volume={8},
	number={1},
	pages={1--8},
	year={2002},
	publisher={IEEE}
}

@article{040:cuadros:2007,
	title={Point placement by phylogenetic trees and its application to visual analysis of document collections},
	author={Cuadros, Ana M and Paulovich, Fernando V and Minghim, Rosane and Telles, Guilherme P},
	year={2007},
	publisher={IEEE}
}

@inproceedings{085:wong:2000,
	title={Visualizing sequential patterns for text mining},
	author={Wong, Pak Chung and Cowley, Wendy and Foote, Harlan and Jurrus, Elizabeth and Thomas, Jim},
	booktitle={Information Visualization, 2000. InfoVis 2000. IEEE Symposium on},
	pages={105--111},
	year={2000},
	organization={IEEE}
}

@article{147:alencar:2012,
  title={Time-aware visualization of document collections},
  author={Alencar, Aretha B and B{\"o}rner, Katy and Paulovich, Fernando V and de Oliveira, Maria Cristina F},
  booktitle={Proceedings of the 27th Annual ACM Symposium on Applied Computing},
  pages={997--1004},
  year={2012},
  organization={ACM}
}




